[
  {
    "id": 5121009753,
    "price": "117139.99000000",
    "qty": "0.00005000",
    "quoteQty": "5.85699950",
    "time": 1753910105421,
    "isBuyerMaker": true,
    "isBestMatch": true
  },
  {
    "id": 5121009754,
    "price": "117139.99000000",
    "qty": "0.00012000",
    "quoteQty": "14.05679880",
    "time": 1753910105421,
    "isBuyerMaker": true,
    "isBestMatch": true
  },
  {
    "id": 5121009755,
    "price": "117139.99000000",
    "qty": "0.01324000",
    "quoteQty": "1550.93346760",
    "time": 1753910105421,
    "isBuyerMaker": true,
    "isBestMatch": true
  },
  {
    "id": 5121009756,
    "price": "117139.99000000",
    "qty": "0.02816000",
    "quoteQty": "3298.66211840",
    "time": 1753910105423,
    "isBuyerMaker": true,
    "isBestMatch": true
  },
  {
    "id": 5121009757,
    "price": "117139.99000000",
    "qty": "0.00005000",
    "quoteQty": "5.85699950",
    "time": 1753910105423,
    "isBuyerMaker": true,
    "isBestMatch": true
  },
  {
    "id": 5121009758,
    "price": "117139.99000000",
    "qty": "0.00005000",
    "quoteQty": "5.85699950",
    "time": 1753910105423,
    "isBuyerMaker": true,
    "isBestMatch": true
  },
  {
    "id": 5121009759,
    "price": "117139.99000000",
    "qty": "0.00005000",
    "quoteQty": "5.85699950",
    "time": 1753910105423,
    "isBuyerMaker": true,
    "isBestMatch": true
  },
  {
    "id": 5121009760,
    "price": "117139.99000000",
    "qty": "0.00005000",
    "quoteQty": "5.85699950",
    "time": 1753910105423,
    "isBuyerMaker": true,
    "isBestMatch": true
  },
  {
    "id": 5121009761,
    "price": "117139.99000000",
    "qty": "0.00005000",
    "quoteQty": "5.85699950",
    "time": 1753910105423,
    "isBuyerMaker": true,
    "isBestMatch": true
  },
  {
    "id": 5121009762,
    "price": "117139.99000000",
    "qty": "0.00005000",
    "quoteQty": "5.85699950",
    "time": 1753910105423,
    "isBuyerMaker": true,
    "isBestMatch": true
  },
  {
    "id": 5121009763,
    "price": "117139.99000000",
    "qty": "0.00005000",
    "quoteQty": "5.85699950",
    "time": 1753910105423,
    "isBuyerMaker": true,
    "isBestMatch": true
  },
  {
    "id": 5121009764,
    "price": "117139.99000000",
    "qty": "0.00005000",
    "quoteQty": "5.85699950",
    "time": 1753910105423,
    "isBuyerMaker": true,
    "isBestMatch": true
  },
  {
    "id": 5121009765,
    "price": "117139.99000000",
    "qty": "0.00005000",
    "quoteQty": "5.85699950",
    "time": 1753910105423,
    "isBuyerMaker": true,
    "isBestMatch": true
  },
  {
    "id": 5121009766,
    "price": "117139.99000000",
    "qty": "0.00005000",
    "quoteQty": "5.85699950",
    "time": 1753910105423,
    "isBuyerMaker": true,
    "isBestMatch": true
  },
  {
    "id": 5121009767,
    "price": "117139.99000000",
    "qty": "0.00005000",
    "quoteQty": "5.85699950",
    "time": 1753910105423,
    "isBuyerMaker": true,
    "isBestMatch": true
  },
  {
    "id": 5121009768,
    "price": "117139.98000000",
    "qty": "0.00005000",
    "quoteQty": "5.85699900",
    "time": 1753910105423,
    "isBuyerMaker": true,
    "isBestMatch": true
  },
  {
    "id": 5121009769,
    "price": "117139.98000000",
    "qty": "0.00005000",
    "quoteQty": "5.85699900",
    "time": 1753910105423,
    "isBuyerMaker": true,
    "isBestMatch": true
  },
  {
    "id": 5121009770,
    "price": "117139.98000000",
    "qty": "0.00005000",
    "quoteQty": "5.85699900",
    "time": 1753910105423,
    "isBuyerMaker": true,
    "isBestMatch": true
  },
  {
    "id": 5121009771,
    "price": "117139.98000000",
    "qty": "0.00005000",
    "quoteQty": "5.85699900",
    "time": 1753910105423,
    "isBuyerMaker": true,
    "isBestMatch": true
  },
  {
    "id": 5121009772,
    "price": "117139.97000000",
    "qty": "0.00005000",
    "quoteQty": "5.85699850",
    "time": 1753910105423,
    "isBuyerMaker": true,
    "isBestMatch": true
  },
  {
    "id": 5121009773,
    "price": "117134.40000000",
    "qty": "0.00005000",
    "quoteQty": "5.85672000",
    "time": 1753910105426,
    "isBuyerMaker": true,
    "isBestMatch": true
  },
  {
    "id": 5121009774,
    "price": "117134.40000000",
    "qty": "0.01930000",
    "quoteQty": "2260.69392000",
    "time": 1753910105426,
    "isBuyerMaker": true,
    "isBestMatch": true
  },
  {
    "id": 5121009775,
    "price": "117134.40000000",
    "qty": "0.01106000",
    "quoteQty": "1295.50646400",
    "time": 1753910105426,
    "isBuyerMaker": true,
    "isBestMatch": true
  },
  {
    "id": 5121009776,
    "price": "117134.41000000",
    "qty": "0.00013000",
    "quoteQty": "15.22747330",
    "time": 1753910105456,
    "isBuyerMaker": false,
    "isBestMatch": true
  },
  {
    "id": 5121009777,
    "price": "117134.41000000",
    "qty": "0.00007000",
    "quoteQty": "8.19940870",
    "time": 1753910105461,
    "isBuyerMaker": false,
    "isBestMatch": true
  },
  {
    "id": 5121009778,
    "price": "117134.40000000",
    "qty": "0.00085000",
    "quoteQty": "99.56424000",
    "time": 1753910105875,
    "isBuyerMaker": true,
    "isBestMatch": true
  },
  {
    "id": 5121009779,
    "price": "117134.40000000",
    "qty": "0.00682000",
    "quoteQty": "798.85660800",
    "time": 1753910105877,
    "isBuyerMaker": true,
    "isBestMatch": true
  },
  {
    "id": 5121009780,
    "price": "117134.40000000",
    "qty": "0.01000000",
    "quoteQty": "1171.34400000",
    "time": 1753910105878,
    "isBuyerMaker": true,
    "isBestMatch": true
  },
  {
    "id": 5121009781,
    "price": "117134.41000000",
    "qty": "0.00012000",
    "quoteQty": "14.05612920",
    "time": 1753910106038,
    "isBuyerMaker": false,
    "isBestMatch": true
  },
  {
    "id": 5121009782,
    "price": "117134.40000000",
    "qty": "0.00005000",
    "quoteQty": "5.85672000",
    "time": 1753910106672,
    "isBuyerMaker": true,
    "isBestMatch": true
  },
  {
    "id": 5121009783,
    "price": "117134.40000000",
    "qty": "0.00005000",
    "quoteQty": "5.85672000",
    "time": 1753910106672,
    "isBuyerMaker": true,
    "isBestMatch": true
  },
  {
    "id": 5121009784,
    "price": "117134.40000000",
    "qty": "0.00010000",
    "quoteQty": "11.71344000",
    "time": 1753910106672,
    "isBuyerMaker": true,
    "isBestMatch": true
  },
  {
    "id": 5121009785,
    "price": "117134.40000000",
    "qty": "0.00005000",
    "quoteQty": "5.85672000",
    "time": 1753910106672,
    "isBuyerMaker": true,
    "isBestMatch": true
  },
  {
    "id": 5121009786,
    "price": "117134.40000000",
    "qty": "0.00005000",
    "quoteQty": "5.85672000",
    "time": 1753910106672,
    "isBuyerMaker": true,
    "isBestMatch": true
  },
  {
    "id": 5121009787,
    "price": "117134.40000000",
    "qty": "0.00005000",
    "quoteQty": "5.85672000",
    "time": 1753910106672,
    "isBuyerMaker": true,
    "isBestMatch": true
  },
  {
    "id": 5121009788,
    "price": "117134.40000000",
    "qty": "0.00005000",
    "quoteQty": "5.85672000",
    "time": 1753910106672,
    "isBuyerMaker": true,
    "isBestMatch": true
  },
  {
    "id": 5121009789,
    "price": "117134.40000000",
    "qty": "0.00005000",
    "quoteQty": "5.85672000",
    "time": 1753910106672,
    "isBuyerMaker": true,
    "isBestMatch": true
  },
  {
    "id": 5121009790,
    "price": "117134.40000000",
    "qty": "0.00012000",
    "quoteQty": "14.05612800",
    "time": 1753910106672,
    "isBuyerMaker": true,
    "isBestMatch": true
  },
  {
    "id": 5121009791,
    "price": "117134.40000000",
    "qty": "0.00005000",
    "quoteQty": "5.85672000",
    "time": 1753910106672,
    "isBuyerMaker": true,
    "isBestMatch": true
  },
  {
    "id": 5121009792,
    "price": "117134.40000000",
    "qty": "0.00005000",
    "quoteQty": "5.85672000",
    "time": 1753910106672,
    "isBuyerMaker": true,
    "isBestMatch": true
  },
  {
    "id": 5121009793,
    "price": "117134.40000000",
    "qty": "0.00010000",
    "quoteQty": "11.71344000",
    "time": 1753910106672,
    "isBuyerMaker": true,
    "isBestMatch": true
  },
  {
    "id": 5121009794,
    "price": "117134.40000000",
    "qty": "0.00010000",
    "quoteQty": "11.71344000",
    "time": 1753910106672,
    "isBuyerMaker": true,
    "isBestMatch": true
  },
  {
    "id": 5121009795,
    "price": "117134.40000000",
    "qty": "0.00010000",
    "quoteQty": "11.71344000",
    "time": 1753910106672,
    "isBuyerMaker": true,
    "isBestMatch": true
  },
  {
    "id": 5121009796,
    "price": "117134.40000000",
    "qty": "0.00005000",
    "quoteQty": "5.85672000",
    "time": 1753910106672,
    "isBuyerMaker": true,
    "isBestMatch": true
  },
  {
    "id": 5121009797,
    "price": "117134.40000000",
    "qty": "0.00005000",
    "quoteQty": "5.85672000",
    "time": 1753910106672,
    "isBuyerMaker": true,
    "isBestMatch": true
  },
  {
    "id": 5121009798,
    "price": "117134.40000000",
    "qty": "0.00005000",
    "quoteQty": "5.85672000",
    "time": 1753910106672,
    "isBuyerMaker": true,
    "isBestMatch": true
  },
  {
    "id": 5121009799,
    "price": "117134.40000000",
    "qty": "0.00005000",
    "quoteQty": "5.85672000",
    "time": 1753910106672,
    "isBuyerMaker": true,
    "isBestMatch": true
  },
  {
    "id": 5121009800,
    "price": "117134.39000000",
    "qty": "0.00010000",
    "quoteQty": "11.71343900",
    "time": 1753910106672,
    "isBuyerMaker": true,
    "isBestMatch": true
  },
  {
    "id": 5121009801,
    "price": "117134.33000000",
    "qty": "0.00005000",
    "quoteQty": "5.85671650",
    "time": 1753910106672,
    "isBuyerMaker": true,
    "isBestMatch": true
  },
  {
    "id": 5121009802,
    "price": "117129.61000000",
    "qty": "0.00011000",
    "quoteQty": "12.88425710",
    "time": 1753910106672,
    "isBuyerMaker": true,
    "isBestMatch": true
  },
  {
    "id": 5121009803,
    "price": "117128.98000000",
    "qty": "0.00005000",
    "quoteQty": "5.85644900",
    "time": 1753910106672,
    "isBuyerMaker": true,
    "isBestMatch": true
  },
  {
    "id": 5121009804,
    "price": "117128.98000000",
    "qty": "0.00005000",
    "quoteQty": "5.85644900",
    "time": 1753910106672,
    "isBuyerMaker": true,
    "isBestMatch": true
  },
  {
    "id": 5121009805,
    "price": "117128.98000000",
    "qty": "0.00005000",
    "quoteQty": "5.85644900",
    "time": 1753910106672,
    "isBuyerMaker": true,
    "isBestMatch": true
  },
  {
    "id": 5121009806,
    "price": "117128.97000000",
    "qty": "0.00005000",
    "quoteQty": "5.85644850",
    "time": 1753910106676,
    "isBuyerMaker": true,
    "isBestMatch": true
  },
  {
    "id": 5121009807,
    "price": "117128.97000000",
    "qty": "0.00005000",
    "quoteQty": "5.85644850",
    "time": 1753910106869,
    "isBuyerMaker": true,
    "isBestMatch": true
  },
  {
    "id": 5121009808,
    "price": "117128.97000000",
    "qty": "0.00005000",
    "quoteQty": "5.85644850",
    "time": 1753910106869,
    "isBuyerMaker": true,
    "isBestMatch": true
  },
  {
    "id": 5121009809,
    "price": "117128.97000000",
    "qty": "0.00005000",
    "quoteQty": "5.85644850",
    "time": 1753910106869,
    "isBuyerMaker": true,
    "isBestMatch": true
  },
  {
    "id": 5121009810,
    "price": "117128.97000000",
    "qty": "0.00005000",
    "quoteQty": "5.85644850",
    "time": 1753910106869,
    "isBuyerMaker": true,
    "isBestMatch": true
  },
  {
    "id": 5121009811,
    "price": "117128.97000000",
    "qty": "0.00005000",
    "quoteQty": "5.85644850",
    "time": 1753910106869,
    "isBuyerMaker": true,
    "isBestMatch": true
  },
  {
    "id": 5121009812,
    "price": "117128.97000000",
    "qty": "0.00005000",
    "quoteQty": "5.85644850",
    "time": 1753910106869,
    "isBuyerMaker": true,
    "isBestMatch": true
  },
  {
    "id": 5121009813,
    "price": "117128.97000000",
    "qty": "0.00005000",
    "quoteQty": "5.85644850",
    "time": 1753910106869,
    "isBuyerMaker": true,
    "isBestMatch": true
  },
  {
    "id": 5121009814,
    "price": "117128.97000000",
    "qty": "0.00005000",
    "quoteQty": "5.85644850",
    "time": 1753910106869,
    "isBuyerMaker": true,
    "isBestMatch": true
  },
  {
    "id": 5121009815,
    "price": "117128.97000000",
    "qty": "0.00005000",
    "quoteQty": "5.85644850",
    "time": 1753910106869,
    "isBuyerMaker": true,
    "isBestMatch": true
  },
  {
    "id": 5121009816,
    "price": "117128.97000000",
    "qty": "0.00002000",
    "quoteQty": "2.34257940",
    "time": 1753910106869,
    "isBuyerMaker": true,
    "isBestMatch": true
  },
  {
    "id": 5121009817,
    "price": "117128.97000000",
    "qty": "0.00003000",
    "quoteQty": "3.51386910",
    "time": 1753910106961,
    "isBuyerMaker": true,
    "isBestMatch": true
  },
  {
    "id": 5121009818,
    "price": "117128.97000000",
    "qty": "0.00005000",
    "quoteQty": "5.85644850",
    "time": 1753910106961,
    "isBuyerMaker": true,
    "isBestMatch": true
  },
  {
    "id": 5121009819,
    "price": "117128.97000000",
    "qty": "0.00002000",
    "quoteQty": "2.34257940",
    "time": 1753910106961,
    "isBuyerMaker": true,
    "isBestMatch": true
  },
  {
    "id": 5121009820,
    "price": "117128.98000000",
    "qty": "0.00015000",
    "quoteQty": "17.56934700",
    "time": 1753910107050,
    "isBuyerMaker": false,
    "isBestMatch": true
  },
  {
    "id": 5121009821,
    "price": "117128.98000000",
    "qty": "0.00007000",
    "quoteQty": "8.19902860",
    "time": 1753910107064,
    "isBuyerMaker": false,
    "isBestMatch": true
  },
  {
    "id": 5121009822,
    "price": "117128.97000000",
    "qty": "0.00010000",
    "quoteQty": "11.71289700",
    "time": 1753910107104,
    "isBuyerMaker": true,
    "isBestMatch": true
  },
  {
    "id": 5121009823,
    "price": "117128.97000000",
    "qty": "0.00010000",
    "quoteQty": "11.71289700",
    "time": 1753910107104,
    "isBuyerMaker": true,
    "isBestMatch": true
  },
  {
    "id": 5121009824,
    "price": "117128.97000000",
    "qty": "0.00010000",
    "quoteQty": "11.71289700",
    "time": 1753910107104,
    "isBuyerMaker": true,
    "isBestMatch": true
  },
  {
    "id": 5121009825,
    "price": "117128.97000000",
    "qty": "0.00005000",
    "quoteQty": "5.85644850",
    "time": 1753910107104,
    "isBuyerMaker": true,
    "isBestMatch": true
  },
  {
    "id": 5121009826,
    "price": "117128.97000000",
    "qty": "0.00005000",
    "quoteQty": "5.85644850",
    "time": 1753910107104,
    "isBuyerMaker": true,
    "isBestMatch": true
  },
  {
    "id": 5121009827,
    "price": "117128.97000000",
    "qty": "0.00010000",
    "quoteQty": "11.71289700",
    "time": 1753910107104,
    "isBuyerMaker": true,
    "isBestMatch": true
  },
  {
    "id": 5121009828,
    "price": "117128.97000000",
    "qty": "0.00005000",
    "quoteQty": "5.85644850",
    "time": 1753910107104,
    "isBuyerMaker": true,
    "isBestMatch": true
  },
  {
    "id": 5121009829,
    "price": "117128.97000000",
    "qty": "0.00005000",
    "quoteQty": "5.85644850",
    "time": 1753910107104,
    "isBuyerMaker": true,
    "isBestMatch": true
  },
  {
    "id": 5121009830,
    "price": "117128.97000000",
    "qty": "0.00005000",
    "quoteQty": "5.85644850",
    "time": 1753910107104,
    "isBuyerMaker": true,
    "isBestMatch": true
  },
  {
    "id": 5121009831,
    "price": "117128.97000000",
    "qty": "0.00005000",
    "quoteQty": "5.85644850",
    "time": 1753910107104,
    "isBuyerMaker": true,
    "isBestMatch": true
  },
  {
    "id": 5121009832,
    "price": "117128.97000000",
    "qty": "0.00005000",
    "quoteQty": "5.85644850",
    "time": 1753910107104,
    "isBuyerMaker": true,
    "isBestMatch": true
  },
  {
    "id": 5121009833,
    "price": "117128.97000000",
    "qty": "0.00005000",
    "quoteQty": "5.85644850",
    "time": 1753910107104,
    "isBuyerMaker": true,
    "isBestMatch": true
  },
  {
    "id": 5121009834,
    "price": "117128.97000000",
    "qty": "0.00005000",
    "quoteQty": "5.85644850",
    "time": 1753910107104,
    "isBuyerMaker": true,
    "isBestMatch": true
  },
  {
    "id": 5121009835,
    "price": "117128.97000000",
    "qty": "0.00005000",
    "quoteQty": "5.85644850",
    "time": 1753910107104,
    "isBuyerMaker": true,
    "isBestMatch": true
  },
  {
    "id": 5121009836,
    "price": "117128.97000000",
    "qty": "0.00005000",
    "quoteQty": "5.85644850",
    "time": 1753910107104,
    "isBuyerMaker": true,
    "isBestMatch": true
  },
  {
    "id": 5121009837,
    "price": "117128.97000000",
    "qty": "0.00005000",
    "quoteQty": "5.85644850",
    "time": 1753910107104,
    "isBuyerMaker": true,
    "isBestMatch": true
  },
  {
    "id": 5121009838,
    "price": "117128.97000000",
    "qty": "0.00005000",
    "quoteQty": "5.85644850",
    "time": 1753910107104,
    "isBuyerMaker": true,
    "isBestMatch": true
  },
  {
    "id": 5121009839,
    "price": "117128.97000000",
    "qty": "0.00005000",
    "quoteQty": "5.85644850",
    "time": 1753910107104,
    "isBuyerMaker": true,
    "isBestMatch": true
  },
  {
    "id": 5121009840,
    "price": "117128.97000000",
    "qty": "0.00005000",
    "quoteQty": "5.85644850",
    "time": 1753910107104,
    "isBuyerMaker": true,
    "isBestMatch": true
  },
  {
    "id": 5121009841,
    "price": "117128.97000000",
    "qty": "0.00005000",
    "quoteQty": "5.85644850",
    "time": 1753910107104,
    "isBuyerMaker": true,
    "isBestMatch": true
  },
  {
    "id": 5121009842,
    "price": "117128.96000000",
    "qty": "0.00010000",
    "quoteQty": "11.71289600",
    "time": 1753910107104,
    "isBuyerMaker": true,
    "isBestMatch": true
  },
  {
    "id": 5121009843,
    "price": "117128.95000000",
    "qty": "0.00005000",
    "quoteQty": "5.85644750",
    "time": 1753910107104,
    "isBuyerMaker": true,
    "isBestMatch": true
  },
  {
    "id": 5121009844,
    "price": "117128.34000000",
    "qty": "0.00005000",
    "quoteQty": "5.85641700",
    "time": 1753910107104,
    "isBuyerMaker": true,
    "isBestMatch": true
  },
  {
    "id": 5121009845,
    "price": "117127.19000000",
    "qty": "0.00011000",
    "quoteQty": "12.88399090",
    "time": 1753910107104,
    "isBuyerMaker": true,
    "isBestMatch": true
  },
  {
    "id": 5121009846,
    "price": "117124.01000000",
    "qty": "0.00005000",
    "quoteQty": "5.85620050",
    "time": 1753910107104,
    "isBuyerMaker": true,
    "isBestMatch": true
  },
  {
    "id": 5121009847,
    "price": "117124.01000000",
    "qty": "0.00005000",
    "quoteQty": "5.85620050",
    "time": 1753910107104,
    "isBuyerMaker": true,
    "isBestMatch": true
  },
  {
    "id": 5121009848,
    "price": "117124.01000000",
    "qty": "0.00005000",
    "quoteQty": "5.85620050",
    "time": 1753910107104,
    "isBuyerMaker": true,
    "isBestMatch": true
  },
  {
    "id": 5121009849,
    "price": "117124.00000000",
    "qty": "0.00005000",
    "quoteQty": "5.85620000",
    "time": 1753910107108,
    "isBuyerMaker": true,
    "isBestMatch": true
  },
  {
    "id": 5121009850,
    "price": "117124.00000000",
    "qty": "0.00086000",
    "quoteQty": "100.72664000",
    "time": 1753910107150,
    "isBuyerMaker": true,
    "isBestMatch": true
  },
  {
    "id": 5121009851,
    "price": "117124.01000000",
    "qty": "0.00087000",
    "quoteQty": "101.89788870",
    "time": 1753910107152,
    "isBuyerMaker": false,
    "isBestMatch": true
  },
  {
    "id": 5121009852,
    "price": "117124.00000000",
    "qty": "0.00683000",
    "quoteQty": "799.95692000",
    "time": 1753910107184,
    "isBuyerMaker": true,
    "isBestMatch": true
  }
]